@article{罗杰2012基于,
  title={基于 GCC 的 YHFT-Matrix 编译器关键技术研究与实现},
  author={罗杰},
  year={2012}
}